<record><leader>00000cas a22000007a 4500</leader><controlfield tag="001">10486735</controlfield><controlfield tag="008">840305d19451951vi dn ne      0    0eng d</controlfield><controlfield tag="009">3770</controlfield><datafield ind1=" " ind2=" " tag="010"><subfield code="a">sn 84037529 </subfield></datafield><datafield ind1=" " ind2=" " tag="040"><subfield code="a">NVI</subfield><subfield code="b">eng</subfield><subfield code="c">NPV</subfield><subfield code="d">DLC</subfield><subfield code="d">YOX</subfield><subfield code="d">OCLCQ</subfield></datafield><datafield ind1="1" ind2=" " tag="029"><subfield code="a">AU@</subfield><subfield code="b">000020333650</subfield></datafield><datafield ind1=" " ind2=" " tag="042"><subfield code="a">msc</subfield></datafield><datafield ind1="0" ind2=" " tag="130"><subfield code="a">Photo news (Charlotte Amalie, V.I.)</subfield></datafield><datafield ind1="0" ind2="0" tag="245"><subfield code="a">Photo news.</subfield></datafield><datafield ind1=" " ind2=" " tag="260"><subfield code="a">Charlotte Amalie, St. Thomas, V.I. :</subfield><subfield code="b">Ottley's Photo Studio,</subfield><subfield code="c">1945-1951.</subfield></datafield><datafield ind1=" " ind2=" " tag="300"><subfield code="a">7 v. :</subfield><subfield code="b">ill. ;</subfield><subfield code="c">32 cm.</subfield></datafield><datafield ind1=" " ind2=" " tag="310"><subfield code="a">Daily (except Sun.)</subfield></datafield><datafield ind1="0" ind2=" " tag="362"><subfield code="a">1st year, no. 1 (May 5, 1945)-7th year, no. 5182 (June 30, 1951).</subfield></datafield><datafield ind1=" " ind2=" " tag="500"><subfield code="a">"Virgin Islands Picture Newspaper."</subfield></datafield><datafield ind1=" " ind2=" " tag="500"><subfield code="a">Editor: Earle Benito Ottley, 1945-Jan., 1951.</subfield></datafield><datafield ind1=" " ind2="4" tag="651"><subfield code="a">Charlotte Amalie (V.I.)</subfield><subfield code="v">Newspapers.</subfield></datafield><datafield ind1="1" ind2=" " tag="700"><subfield code="a">Ottley, Earle B.</subfield></datafield><datafield ind1=" " ind2=" " tag="752"><subfield code="a">United States</subfield><subfield code="b">Virgin Islands</subfield><subfield code="c">Saint Thomas</subfield><subfield code="d">Charlotte Amalie.</subfield></datafield></record>